@Book{xie2015,
  title = {Dynamic Documents with {R} and knitr},
  author = {Yihui Xie},
  publisher = {Chapman and Hall/CRC},
  address = {Boca Raton, Florida},
  year = {2015},
  edition = {2nd},
  note = {ISBN 978-1498716963},
  url = {http://yihui.org/knitr/},
}

@article{magurran2011medindo,
  title={Medindo a diversidade biol{\'o}gica},
  author={Magurran, Anne E},
  journal={Curitiba: Editora da UFPR},
  volume={261},
  year={2011}
}

@article{melo2008ganhamos,
  title={O que ganhamos 'confundindo' riqueza de espécies e equabilidade em um índice de diversidade?},
  author={Melo, Adriano Sanches},
  journal={Biota Neotropica},
  volume={8},
  pages={21--27},
  year={2008},
  publisher={SciELO Brasil}
}